@inproceedings{patel2021agora,
    title = {{AGORA}: Avatars in Geography Optimized for Regression Analysis},
    author = {Patel, Priyanka and Huang, Chun-Hao P. and Tesch, Joachim and
 Hoffmann, David T. and Tripathi, Shashank and Black, Michael J.},
    booktitle = CVPR,
    year = {2021},
    doi = {10.1109/CVPR46437.2021.01326},
    url = {https://agora.is.tue.mpg.de},
    eprint = {2104.14643},
    eprinttype = {arxiv},
}

@article{loper2015smpl,
    title = {{SMPL}: A Skinned Multi-Person Linear Model},
    author = {Loper, Matthew and Mahmood, Naureen and Romero, Javier and
 Pons-Moll, Gerard and Black, Michael J.},
    journal = SIGGRAPHAsia,
    volume = {34},
    number = {6},
    pages = {248:1--248:16},
    year = {2015},
    doi = {10.1145/2816795.2818013},
    url = {https://smpl.is.tue.mpg.de},
}

@inproceedings{pavlakos2019smplx,
    title = {Expressive Body Capture: {3D} Hands, Face, and Body from a Single Image},
    author = {Pavlakos, Georgios and Choutas, Vasileios and Ghorbani, Nima and
 Bolkart, Timo and Osman, Ahmed A. A. and Tzionas, Dimitrios and
 Black, Michael J.},
    booktitle = CVPR,
    year = {2019},
    doi = {10.1109/CVPR.2019.01123},
    eprint = {1904.05866},
    eprinttype = {arxiv},
    url = {https://smpl-x.is.tue.mpg.de},
}


@article{romero2017mano,
    title = {Embodied Hands: Modeling and Capturing Hands and Bodies Together},
    author = {Romero, Javier and Tzionas, Dimitrios and Black, Michael J.},
    journal = SIGGRAPHAsia,
    volume = {36},
    number = {6},
    pages = {245:1--245:17},
    year = {2017},
    doi = {10.1145/3130800.3130883},
    url = {https://mano.is.tue.mpg.de},
    eprint = {2201.02610},
    eprinttype = {arxiv},
}


@inproceedings{hesse2018smil,
    title = {Learning an Infant Body Model from {RGB-D} Data for Accurate Full Body Motion Analysis},
    author = {Hesse, Nikolas and Pujades, Sergi and Romero, Javier and Black, Michael J. and Bodensteiner, Christoph and Arens, Michael and Hofmann, Ulrich G. and Tacke, Uta and Hadders-Algra, Mijna and Weinberger, Raphael and Muller-Felber, Wolfgang and Schroeder, A. Sebastian},
    booktitle = MICCAI,
    year = {2018},
    doi = {10.1007/978-3-030-00928-1_89},
    url = {https://s.fhg.de/smil},
}