
@article{lee2019pywavelets,
  title={PyWavelets: A Python package for wavelet analysis},
  author={Lee, Gregory and Gommers, Ralf and Waselewski, Filip and Wohlfahrt, Kai and O'Leary, Aaron},
  journal={Journal of Open Source Software},
  volume={4},
  number={36},
  pages={1237},
  year={2019},
  publisher={The Open Journal}
}

@article{developers2022tensorflow,
  title={TensorFlow},
  author={Developers, TensorFlow},
  journal={Zenodo},
  year={2022}
}

@inproceedings{versaci2021wavetf,
  title={WaveTF: A fast 2D wavelet transform for machine learning in Keras},
  author={Versaci, Francesco},
  booktitle={Pattern Recognition. ICPR International Workshops and Challenges: Virtual Event, January 10--15, 2021, Proceedings, Part I},
  pages={605--618},
  year={2021},
  organization={Springer}
}

@inproceedings{tensorflow-wavelets-1.1.2,
  title={tensorflow-wavelets: Tensorflow wavelet Layers},
  author={Leiderman, Timor},
  year={2025},
  publisher={Python Software Foundation},
  url={https://pypi.org/project/tensorflow-wavelets/},
  version={1.1.2},
  note={Accessed: March 30, 2025}
}

@article{imambi2021pytorch,
  title={PyTorch},
  author={Imambi, Sagar and Prakash, Kolla Bhanu and Kanagachidambaresan, GR},
  journal={Programming with TensorFlow: solution for edge computing applications},
  pages={87--104},
  year={2021},
  publisher={Springer}
}

@inproceedings{pytorch-wavelets-1.3.0,
  title={pytorch-wavelets: A port of the DTCWT toolbox to run on pytorch},
  author={Cotter, Fergal},
  year={2023},
  url={https://pypi.org/project/pytorch-wavelets/},
  version={1.3.0},
  note={Accessed: March 30, 2025}
}

@Article{         harris2020array,
 title         = {Array programming with {NumPy}},
 author        = {Charles R. Harris and K. Jarrod Millman and St{\'{e}}fan J.
                 van der Walt and Ralf Gommers and Pauli Virtanen and David
                 Cournapeau and Eric Wieser and Julian Taylor and Sebastian
                 Berg and Nathaniel J. Smith and Robert Kern and Matti Picus
                 and Stephan Hoyer and Marten H. van Kerkwijk and Matthew
                 Brett and Allan Haldane and Jaime Fern{\'{a}}ndez del
                 R{\'{i}}o and Mark Wiebe and Pearu Peterson and Pierre
                 G{\'{e}}rard-Marchant and Kevin Sheppard and Tyler Reddy and
                 Warren Weckesser and Hameer Abbasi and Christoph Gohlke and
                 Travis E. Oliphant},
 year          = {2020},
 month         = sep,
 journal       = {Nature},
 volume        = {585},
 number        = {7825},
 pages         = {357--362},
 doi           = {10.1038/s41586-020-2649-2},
 publisher     = {Springer Science and Business Media {LLC}},
 url           = {https://doi.org/10.1038/s41586-020-2649-2}
}

@article{misiti1996wavelet,
  title={Wavelet toolbox},
  author={Misiti, Michel and Misiti, Yves and Oppenheim, Georges and Poggi, Jean-Michel},
  journal={The MathWorks Inc., Natick, MA},
  volume={15},
  pages={21},
  year={1996}
}

@inproceedings{fatica2008cuda,
  title={CUDA toolkit and libraries},
  author={Fatica, Massimiliano},
  booktitle={2008 IEEE hot chips 20 symposium (HCS)},
  pages={1--22},
  year={2008},
  organization={IEEE}
}

@inproceedings{tarafdar2025multiresolution,
  title={Multiresolution Encoder-Decoder Convolutional Neural Network for Magnetic Resonance Image Segmentation},
  author={Tarafdar, Kishore K and Meher, Aaditya and Shah, Mirat and Saifee, Qutubuddin and Kumar, Dushyant and Nimkar, Anant V and Jayasundar, Rama and Gadre, Vikram M},
  booktitle={ICASSP 2025-2025 IEEE International Conference on Acoustics, Speech and Signal Processing (ICASSP)},
  pages={1--5},
  year={2025},
  organization={IEEE}
}