@software{qiskit-addon-aqc-tensor,
  author = {
    James R. Garrison
    and Kate Marshall
    and Ibrahim Shehzad
    and Kevin J. Sung
    and Caleb Johnson
    and Max Rossmannek
    and Bryce Fuller
    and Jennifer R. Glick
    and Albert Akhriev
    and Sergiy Zhuk
    and Niall F. Robertson
  },
  title = {{Qiskit addon: Approximate Quantum Compilation with Tensor Networks}},
  howpublished = {\url{https://github.com/Qiskit/qiskit-addon-aqc-tensor}},
  doi = {10.5281/zenodo.14064353},
  year = {2024}
}

@ARTICLE{aqc-tensor-research,
       author = {{Robertson}, Niall F. and {Akhriev}, Albert and {Vala}, Jiri and {Zhuk}, Sergiy},
        title = "{Approximate Quantum Compiling for Quantum Simulation: A Tensor Network based approach}",
      journal = {arXiv e-prints},
     keywords = {Quantum Physics},
         year = 2023,
        month = jan,
          doi = {10.48550/arXiv.2301.08609},
archivePrefix = {arXiv},
       eprint = {2301.08609},
 primaryClass = {quant-ph}
}
